<?xml version="1.0" encoding="UTF-8"?><collection xmlns="http://www.loc.gov/MARC21/slim"><record><leader>00635nam--2200205-u-4500</leader><controlfield tag="001">000050497</controlfield><controlfield tag="002">20161230</controlfield><controlfield tag="003">81843</controlfield><controlfield tag="005">20161230201048</controlfield><controlfield tag="008">070530s1000------------r-----000-0-eng-d</controlfield><datafield ind1=" " ind2=" " tag="020"><subfield code="a">1402023553</subfield></datafield><datafield ind1=" " ind2=" " tag="040"><subfield code="a">IFIN-HH</subfield></datafield><datafield ind1="1" ind2=" " tag="100"><subfield code="a">Wondratschek, H</subfield></datafield><datafield ind1="1" ind2="0" tag="245"><subfield code="a">Symetry relations between space groups</subfield><subfield code="b">International tables for crystallography vol.a1</subfield><subfield code="c">Hans wondrarschek, ulrich muller (eds.)</subfield></datafield><datafield ind1=" " ind2=" " tag="260"><subfield code="a">Dordrecht</subfield><subfield code="b">Kluver Academic Publishers</subfield><subfield code="c">2004</subfield></datafield><datafield ind1=" " ind2=" " tag="300"><subfield code="a">724 p</subfield></datafield><datafield ind1=" " ind2=" " tag="490"><subfield code="a">International Tables For Crystallography</subfield><subfield code="v">Vol.A1</subfield></datafield><datafield ind1="1" ind2=" " tag="700"><subfield code="a">Muller, Ulrich</subfield><subfield code="e">Ed</subfield></datafield><datafield ind1=" " ind2=" " tag="852"><subfield code="c">548</subfield></datafield><datafield ind1=" " ind2=" " tag="CAT"><subfield code="a">Sys</subfield><subfield code="c">20140227</subfield><subfield code="h">150707</subfield></datafield></record></collection>